39900000         2957742120001329999999999          00009900000000000990GRUPO NEXXERA                 HSBC                          NEXXERA   107062017095759000000102001600                                                                    
39900011C2001010 2957742120001329999999999          00009900000000000990GRUPO NEXXERA                                                         Rua Madalena Barbi            181                 Centro-Florianopolis88015190SC                  
3990001300001A00000039900001900000000001090EMPRESA FORNECEDOR 1          0000000001          07062017BRL000000000000000000000000000010                    00000000000000000000000                                                    0          
3990001300002A00070039900002900000000002090EMPRESA FORNECEDOR 2          0000000002          07062017BRL000000000000000000000000020020                    00000000000000000000000                                                    0          
3990001300003A00001839900003900000000003090EMPRESA FORNECEDOR 3          0000000003          07062017BRL000000000000000000000003030030                    00000000000000000000000                                                    0          
39900015         000005000000000003050060000000000000000000000000                                                                                                                                                                               
39999999         000001000007000000   
                                                                                                                                                                                                          
